@book{ksiazka3,
  title={Tytul Trzeci},
  author={Adams, L.},
  isbn={9781417642597},
  url={http://books.google.com/books?id=W-xMPgAACAAJ},
  year={2005},
  publisher={Okulary}
}
@book{ksiazka2,
  title={Tytul Drugi},
  author={Nowak, W.},
  isbn={9781417642596},
  url={http://books.google.com/books?id=W-xMPgAACAAJ},
  year={2010},
  publisher={Sowa}
}

@book{ksiazka1,
  title={Tylul Pierwszy},
  author={Kowal, D.},
  isbn={9781417642595},
  url={http://books.google.com/books?id=W-xMPgAACAAJ},
  year={2000},
  publisher={Polskie Wydawnictwo}
}